  @Book{ggplot2,
    author = {Hadley Wickham},
    title = {ggplot2: elegant graphics for data analysis},
    publisher = {Springer New York},
    year = {2009},
    isbn = {978-0-387-98140-6},
    url = {http://had.co.nz/ggplot2/book},
  }

@Article{d3,
  author = 	 {Michael Bostock and Vadim Oglevetsky and Jeffrey Heer},
  title = 	 {D3 Data-Driven Documents},
  journal = 	 {IEEE Transactions on Visualization and Computer Graphics},
  year = 	 2011,
  volume = 	 17,
  number = 	 12,
  pages = 	 {2301--2309},
  month = 	 {December}}

